@BOOK{atiyah,
	AUTHOR = "M. Atiyah and I. G. Macdonald",
	TITLE = "Introduction to Commutative Algebra",
	PUBLISHER = "Addison-Wesley",
	YEAR = 1969}
@BOOK{matsumura,
	AUTHOR = "H. Matsumura",
	TITLE = "Commutative Algebra",
	PUBLISHER = "W. A. Benjamin",
	YEAR = 1970}
